<?xml version="1.0" encoding="UTF-8"?>
<record>
  <leader>03918nam  2200505 i 4500</leader>
  <controlfield tag="001">99371447897606441</controlfield>
  <controlfield tag="005">20221216004109.0</controlfield>
  <controlfield tag="006">m     o  d |      </controlfield>
  <controlfield tag="007">cr#cnu||||||||</controlfield>
  <controlfield tag="008">180828t20192020stka|||fo     001 0 eng|d</controlfield>
  <datafield tag="020" ind1=" " ind2=" ">
    <subfield code="a">0-7020-7555-8</subfield>
  </datafield>
  <datafield tag="035" ind1=" " ind2=" ">
    <subfield code="a">(CKB)4100000007877667</subfield>
  </datafield>
  <datafield tag="035" ind1=" " ind2=" ">
    <subfield code="a">(MiAaPQ)EBC5742493</subfield>
  </datafield>
  <datafield tag="035" ind1=" " ind2=" ">
    <subfield code="a">(OCoLC)1091655034</subfield>
  </datafield>
  <datafield tag="035" ind1=" " ind2=" ">
    <subfield code="a">(EXLCZ)994100000007877667</subfield>
  </datafield>
  <datafield tag="040" ind1=" " ind2=" ">
    <subfield code="a">YDX</subfield>
    <subfield code="b">eng</subfield>
    <subfield code="e">rda</subfield>
    <subfield code="e">pn</subfield>
    <subfield code="c">YDX</subfield>
    <subfield code="d">TMC</subfield>
    <subfield code="d">COU</subfield>
    <subfield code="d">OCLCO</subfield>
    <subfield code="d">USU</subfield>
    <subfield code="d">INM</subfield>
    <subfield code="d">MMU</subfield>
    <subfield code="d">OCLCO</subfield>
    <subfield code="d">UAB</subfield>
    <subfield code="d">OCLCO</subfield>
    <subfield code="d">UKMGB</subfield>
    <subfield code="d">CASUM</subfield>
    <subfield code="d">OCLCO</subfield>
    <subfield code="d">UIU</subfield>
    <subfield code="a">MiAaPQ</subfield>
    <subfield code="b">eng</subfield>
    <subfield code="e">rda</subfield>
    <subfield code="e">pn</subfield>
    <subfield code="c">MiAaPQ</subfield>
    <subfield code="d">MiAaPQ</subfield>
    <subfield code="a">MiAaPQ</subfield>
    <subfield code="b">eng</subfield>
    <subfield code="e">rda</subfield>
    <subfield code="e">pn</subfield>
    <subfield code="c">MiAaPQ</subfield>
    <subfield code="d">MiAaPQ</subfield>
  </datafield>
  <datafield tag="049" ind1=" " ind2=" ">
    <subfield code="a">FQMM</subfield>
  </datafield>
  <datafield tag="050" ind1=" " ind2="4">
    <subfield code="a">QM551</subfield>
    <subfield code="b">.O36 2020eb (Online)</subfield>
  </datafield>
  <datafield tag="245" ind1="0" ind2="0">
    <subfield code="a">Wheater's Pathology :</subfield>
    <subfield code="b">A Text, Atlas and Review of Histopathology /</subfield>
    <subfield code="c">Geraldine O'Dowd, Sarah Bell, Sylvia Wright.</subfield>
  </datafield>
  <datafield tag="250" ind1=" " ind2=" ">
    <subfield code="a">Sixth Edition.</subfield>
  </datafield>
  <datafield tag="264" ind1=" " ind2="1">
    <subfield code="a">Edinburgh :</subfield>
    <subfield code="b">Elsevier,</subfield>
    <subfield code="c">[2019]</subfield>
  </datafield>
  <datafield tag="264" ind1=" " ind2="4">
    <subfield code="c">©2020</subfield>
  </datafield>
  <datafield tag="300" ind1=" " ind2=" ">
    <subfield code="a">1 online resource (ix, 357 pages) :</subfield>
    <subfield code="b">illustrations (chiefly color)</subfield>
  </datafield>
  <datafield tag="336" ind1=" " ind2=" ">
    <subfield code="a">text</subfield>
    <subfield code="2">rdacontent</subfield>
  </datafield>
  <datafield tag="336" ind1=" " ind2=" ">
    <subfield code="a">still image</subfield>
    <subfield code="b">sti</subfield>
    <subfield code="2">rdacontent</subfield>
  </datafield>
  <datafield tag="337" ind1=" " ind2=" ">
    <subfield code="a">computer</subfield>
    <subfield code="2">rdamedia</subfield>
  </datafield>
  <datafield tag="338" ind1=" " ind2=" ">
    <subfield code="a">online resource</subfield>
    <subfield code="2">rdacarrier</subfield>
  </datafield>
  <datafield tag="347" ind1=" " ind2=" ">
    <subfield code="a">text file</subfield>
    <subfield code="b">html</subfield>
    <subfield code="2">rda</subfield>
  </datafield>
  <datafield tag="347" ind1=" " ind2=" ">
    <subfield code="a">text file</subfield>
    <subfield code="b">pdf</subfield>
  </datafield>
  <datafield tag="490" ind1="1" ind2=" ">
    <subfield code="a">ClinicalKey</subfield>
  </datafield>
  <datafield tag="500" ind1=" " ind2=" ">
    <subfield code="a">Revised edition of: Wheater's basic pathology : a text, atlas, and review of histopathology / [edited by] Barbara Young, William Stewart, and Geraldine O'Dowd. 5th ed. ©2011.</subfield>
  </datafield>
  <datafield tag="505" ind1="0" ind2=" ">
    <subfield code="a">Introduction to pathology -- Cellular responses to injury -- Acute inflammation, healing and repair -- Chronic inflammation -- Infections of histological importance -- Disorders of growth -- Dysplasia and neoplasia -- atherosclerosis -- Thrombosis and embolism -- Infarction -- Cardiovascular system -- Respiratory system -- Gastrointestinal system -- Liver and pancreaticobiliary system -- Urinary system -- Lymphoid and haematopoietic systems -- Female reproductive system -- Breast -- Male reproductive system -- Endocrine system -- Skin -- Bone and soft tissues -- Appendicex. Notes on commonly used staining methods -- Bonus e-book images.</subfield>
  </datafield>
  <datafield tag="520" ind1=" " ind2=" ">
    <subfield code="a">This concise introduction to pathology covers basic pathological mechanisms and offers a detailed review of systems pathology, making it a complete, effective review for today's readers. Hundreds of high-quality images-many new to this edition-illustrate common entities, and associated captions provide key pathological points. Reader-friendly text clarifies basic and complex information, helping you understand challenging concepts more easily. Wheater's Pathology is an excellent companion resource for users of Wheater's Functional Histology, 6th Edition, offering a comparison of normal histology with the pathological changes in disease. Contains a new chapter, Introduction to Pathology and Techniques, that provides more background information on histology techniques, immunohistochemistry, molecular tests and digital pathology. Contains new, full-color illustrations that depict additional pathological entities and update classifications. Includes quick-reference features such as keys to the lettering in images at the bottom of each page and fully revised clinical boxes with clinical-pathological correlations that explain the relevance of the pathological processes underlying common diseases and their complications. Summarizes key points with chapter reviews at the end of each section. -- Publisher</subfield>
  </datafield>
  <datafield tag="588" ind1=" " ind2=" ">
    <subfield code="a">Online resource; title from electronic title page (ClinicalKey, April 12, 2019).</subfield>
  </datafield>
  <datafield tag="590" ind1=" " ind2=" ">
    <subfield code="a">ClinicalKey</subfield>
  </datafield>
  <datafield tag="650" ind1=" " ind2="0">
    <subfield code="a">Histology, Pathological.</subfield>
  </datafield>
  <datafield tag="650" ind1=" " ind2="0">
    <subfield code="a">Histology, Pathological</subfield>
    <subfield code="v">Atlases.</subfield>
  </datafield>
  <datafield tag="650" ind1="1" ind2="2">
    <subfield code="a">Histology.</subfield>
    <subfield code="0">(DNLM)D006653</subfield>
  </datafield>
  <datafield tag="650" ind1="1" ind2="2">
    <subfield code="a">Pathology.</subfield>
    <subfield code="0">(DNLM)D010336</subfield>
  </datafield>
  <datafield tag="655" ind1=" " ind2="2">
    <subfield code="a">Atlas.</subfield>
    <subfield code="0">(DNLM)D020466</subfield>
  </datafield>
  <datafield tag="700" ind1="1" ind2=" ">
    <subfield code="a">O'Dowd, Geraldine,</subfield>
    <subfield code="e">editor.</subfield>
  </datafield>
  <datafield tag="700" ind1="1" ind2=" ">
    <subfield code="a">Bell, Sarah</subfield>
    <subfield code="c">(Pathologist),</subfield>
    <subfield code="e">editor.</subfield>
  </datafield>
  <datafield tag="700" ind1="1" ind2=" ">
    <subfield code="a">Wright, Sylvia</subfield>
    <subfield code="c">(Pathologist),</subfield>
    <subfield code="e">editor.</subfield>
  </datafield>
  <datafield tag="776" ind1=" " ind2=" ">
    <subfield code="z">0-7020-7559-0</subfield>
  </datafield>
  <datafield tag="830" ind1=" " ind2="0">
    <subfield code="a">ClinicalKey.</subfield>
  </datafield>
  <datafield tag="906" ind1=" " ind2=" ">
    <subfield code="a">BOOK</subfield>
  </datafield>
  <datafield tag="MBD" ind1=" " ind2=" ">
    <subfield code="M">49HBZ_NETWORK</subfield>
    <subfield code="i">99371447897606441</subfield>
    <subfield code="n">HBZ Network</subfield>
  </datafield>
  <datafield tag="MBD" ind1=" " ind2=" ">
    <subfield code="M">49HBZ_FSW</subfield>
    <subfield code="i">9916291856306461</subfield>
    <subfield code="n">Fachhochschule Südwestfalen</subfield>
  </datafield>
  <datafield tag="MBD" ind1=" " ind2=" ">
    <subfield code="M">49HBZ_BRS</subfield>
    <subfield code="i">991005696549806452</subfield>
    <subfield code="n">Hochschule Bonn-Rhein-Sieg</subfield>
  </datafield>
  <datafield tag="MBD" ind1=" " ind2=" ">
    <subfield code="M">49HBZ_UBT</subfield>
    <subfield code="i">9927806347606470</subfield>
    <subfield code="n">UB Trier</subfield>
  </datafield>
  <datafield tag="MNG" ind1=" " ind2=" ">
    <subfield code="c">system</subfield>
    <subfield code="f">EBC</subfield>
    <subfield code="i">marc21</subfield>
    <subfield code="e">false</subfield>
    <subfield code="d">2023-08-22 00:33:22 Europe/Berlin</subfield>
    <subfield code="g">994100000007877667</subfield>
    <subfield code="j">00</subfield>
    <subfield code="a">CKB</subfield>
    <subfield code="b">2022-07-18 16:08:22 Europe/Berlin</subfield>
  </datafield>
  <datafield tag="POR" ind1=" " ind2=" ">
    <subfield code="j">Ebook Central</subfield>
    <subfield code="x">System</subfield>
    <subfield code="a">5395685400006461</subfield>
    <subfield code="h">EZproxy</subfield>
    <subfield code="M">49HBZ_FSW</subfield>
    <subfield code="k">Online-Zugriff: 
- Off-Campus-Zugang
- Shibboleth</subfield>
    <subfield code="p">6182778260006461</subfield>
    <subfield code="q">Ebook Central (Proquest)</subfield>
    <subfield code="c">param</subfield>
    <subfield code="o">614330000000000002</subfield>
    <subfield code="y">2023-08-31 15:18:58 Europe/Berlin</subfield>
    <subfield code="w">2023-08-31 15:18:49 Europe/Berlin</subfield>
    <subfield code="D">https://eu04.alma.exlibrisgroup.com/view/uresolver/49HBZ_NETWORK/openurl?u.ignore_date_coverage=true&amp;portfolio_pid=5395685400006461&amp;Force_direct=true</subfield>
    <subfield code="v">System</subfield>
    <subfield code="z">2023-08-31 13:18:49</subfield>
    <subfield code="i">true</subfield>
    <subfield code="S">6282778250006461</subfield>
    <subfield code="d">https://hbz-network.userservices.exlibrisgroup.com/view/uresolver/49HBZ_NETWORK/openurl?u.ignore_date_coverage=true&amp;rft.mms_id=9916291856306461</subfield>
    <subfield code="b">Available</subfield>
    <subfield code="f">BOOK</subfield>
    <subfield code="8">5395685400006461</subfield>
  </datafield>
  <datafield tag="POR" ind1=" " ind2=" ">
    <subfield code="j">Ebook Central</subfield>
    <subfield code="x">System</subfield>
    <subfield code="a">5353633400006452</subfield>
    <subfield code="M">49HBZ_BRS</subfield>
    <subfield code="k">Online lesen im Hochschulnetz möglich. Der vollständige Zugang mit weiteren Funktionen nur für Angehörige der H-BRS, dafür ist ein persönliches Konto mit der H-BRS-Mailadresse beim Provider erforderlich.

Online reading possible in the university network. Full access with additional functions only for members of H-BRS, for which a personal account with the H-BRS mail address is required with the provider.</subfield>
    <subfield code="p">6153625730006452</subfield>
    <subfield code="q">Ebook Central </subfield>
    <subfield code="c">param</subfield>
    <subfield code="o">614330000000000002</subfield>
    <subfield code="y">2023-02-06 12:32:05 Europe/Berlin</subfield>
    <subfield code="w">2022-07-18 16:07:41 Europe/Berlin</subfield>
    <subfield code="D">https://eu04.alma.exlibrisgroup.com/view/uresolver/49HBZ_NETWORK/openurl?u.ignore_date_coverage=true&amp;portfolio_pid=5353633400006452&amp;Force_direct=true</subfield>
    <subfield code="v">System</subfield>
    <subfield code="z">2022-07-18 14:07:41</subfield>
    <subfield code="i">false</subfield>
    <subfield code="S">6253625720006452</subfield>
    <subfield code="d">https://hbz-network.userservices.exlibrisgroup.com/view/uresolver/49HBZ_NETWORK/openurl?u.ignore_date_coverage=true&amp;rft.mms_id=991005696549806452</subfield>
    <subfield code="b">Available</subfield>
    <subfield code="f">BOOK</subfield>
    <subfield code="8">5353633400006452</subfield>
  </datafield>
  <datafield tag="POR" ind1=" " ind2=" ">
    <subfield code="j">Ebook Central</subfield>
    <subfield code="x">System</subfield>
    <subfield code="a">53322423530006470</subfield>
    <subfield code="M">49HBZ_UBT</subfield>
    <subfield code="p">61316687790006470</subfield>
    <subfield code="q">Ebook Central Perpetual, DDA and Subscription Titles</subfield>
    <subfield code="c">param</subfield>
    <subfield code="o">614330000000000002</subfield>
    <subfield code="y">2023-08-21 12:51:23 Europe/Berlin</subfield>
    <subfield code="w">2023-08-21 12:51:13 Europe/Berlin</subfield>
    <subfield code="D">https://eu04.alma.exlibrisgroup.com/view/uresolver/49HBZ_NETWORK/openurl?u.ignore_date_coverage=true&amp;portfolio_pid=53322423530006470&amp;Force_direct=true</subfield>
    <subfield code="v">System</subfield>
    <subfield code="z">2023-08-21 10:51:13</subfield>
    <subfield code="i">false</subfield>
    <subfield code="S">62316687780006470</subfield>
    <subfield code="d">https://hbz-network.userservices.exlibrisgroup.com/view/uresolver/49HBZ_NETWORK/openurl?u.ignore_date_coverage=true&amp;rft.mms_id=9927806347606470</subfield>
    <subfield code="b">Available</subfield>
    <subfield code="f">BOOK</subfield>
    <subfield code="8">53322423530006470</subfield>
  </datafield>
</record>
